<record><leader>00000cas a2200000 a 4500</leader><controlfield tag="001">22332283</controlfield><controlfield tag="008">900905d19411986iludn ne      0    0eng c</controlfield><datafield ind1=" " ind2=" " tag="010"><subfield code="a">sn 90061469 </subfield></datafield><datafield ind1=" " ind2=" " tag="040"><subfield code="a">MQN</subfield><subfield code="b">eng</subfield><subfield code="c">MQN</subfield><subfield code="d">NVF</subfield><subfield code="d">OCLCQ</subfield><subfield code="d">NVF</subfield><subfield code="d">OCLCQ</subfield><subfield code="d">OCLCF</subfield><subfield code="d">OCLCO</subfield></datafield><datafield ind1="1" ind2=" " tag="029"><subfield code="a">AU@</subfield><subfield code="b">000025852472</subfield></datafield><datafield ind1=" " ind2=" " tag="042"><subfield code="a">pcc</subfield></datafield><datafield ind1=" " ind2=" " tag="043"><subfield code="a">n-us-il</subfield></datafield><datafield ind1="0" ind2=" " tag="130"><subfield code="a">Cairo evening citizen (Cairo, Ill. : 1941)</subfield></datafield><datafield ind1="1" ind2="4" tag="245"><subfield code="a">The Cairo evening citizen.</subfield></datafield><datafield ind1=" " ind2=" " tag="260"><subfield code="a">Cairo, Ill. :</subfield><subfield code="b">[s.n.],</subfield><subfield code="c">1941-1986.</subfield></datafield><datafield ind1=" " ind2=" " tag="300"><subfield code="a">v.</subfield></datafield><datafield ind1=" " ind2=" " tag="310"><subfield code="a">Daily (except Saturday and Sunday),</subfield><subfield code="b">July 8, 1968-July 30, 1986</subfield></datafield><datafield ind1=" " ind2=" " tag="321"><subfield code="a">Daily (except Sunday),</subfield><subfield code="b">1941-July 6, 1968</subfield></datafield><datafield ind1="0" ind2=" " tag="362"><subfield code="a">Jan. 16, 1941-v. 98, no. 214 (July 30, 1986).</subfield></datafield><datafield ind1=" " ind2="0" tag="651"><subfield code="a">Cairo (Ill.)</subfield><subfield code="v">Newspapers.</subfield></datafield><datafield ind1=" " ind2="7" tag="655"><subfield code="a">Newspapers.</subfield><subfield code="2">fast</subfield><subfield code="0">(OCoLC)fst01423814</subfield></datafield><datafield ind1=" " ind2="7" tag="651"><subfield code="a">Illinois</subfield><subfield code="z">Cairo.</subfield><subfield code="2">fast</subfield><subfield code="0">(OCoLC)fst01217110</subfield></datafield><datafield ind1=" " ind2=" " tag="752"><subfield code="a">United States</subfield><subfield code="b">Illinois</subfield><subfield code="c">Alexander</subfield><subfield code="d">Cairo.</subfield></datafield><datafield ind1="0" ind2="0" tag="780"><subfield code="t">Cairo evening citizen and Cairo bulletin</subfield><subfield code="w">(DLC)sn 93055655</subfield><subfield code="w">(OCoLC)27971210</subfield></datafield><datafield ind1="0" ind2="0" tag="785"><subfield code="t">Cairo citizen (Cairo, Ill. : 1986)</subfield><subfield code="w">(DLC)sn 96071120</subfield><subfield code="w">(OCoLC)15092251</subfield></datafield></record>